@Book{xie2015,
  title = {Dynamic Documents with {R} and knitr},
  author = {Yihui Xie},
  publisher = {Chapman and Hall/CRC},
  address = {Boca Raton, Florida},
  year = {2015},
  edition = {2nd},
  note = {ISBN 978-1498716963},
  url = {http://yihui.name/knitr/},
}

@Article{sf,
    author = {Edzer Pebesma},
    title = {{Simple Features for R: Standardized Support for Spatial Vector Data}},
    year = {2018},
    journal = {{The R Journal}},
    doi = {10.32614/RJ-2018-009},
    url = {https://doi.org/10.32614/RJ-2018-009},
    pages = {439--446},
    volume = {10},
    number = {1}
  }
@Manual{stars,
    title = {stars: Spatiotemporal Arrays, Raster and Vector Data Cubes},
    author = {Edzer Pebesma},
    year = {2019},
    note = {https://r-spatial.github.io/stars/,
https://github.com/r-spatial/stars/}
  }
@Manual{raster,
    title = {raster: Geographic Data Analysis and Modeling},
    author = {Robert J. Hijmans},
    year = {2019},
    note = {R package version 3.0-2},
    url = {https://CRAN.R-project.org/package=raster},
}
@article{landrigan2018lancet,
  title={The Lancet Commission on pollution and health},
  author={Landrigan, Philip J and Fuller, Richard and Acosta, Nereus JR and Adeyi, Olusoji and Arnold, Robert and Bald{\'e}, Abdoulaye Bibi and Bertollini, Roberto and Bose-O'Reilly, Stephan and Boufford, Jo Ivey and Breysse, Patrick N and others},
  journal={The Lancet},
  volume={391},
  number={10119},
  pages={462--512},
  year={2018},
  publisher={Elsevier}
}

@Book{art,
  title = {The art of emissions inventorying},
  author = {Tinus Pulles and Dick Helsinga},
  publisher = {TNO},
  year = {2010}
}
@article{macedonio1988numerical,
  title={A numerical simulation of the Plinian fall phase of 79 AD eruption of Vesuvius},
  author={Macedonio, Giovanni and Pareschi, Maria Teresa and Santacroce, Roberto},
  journal={Journal of Geophysical Research: Solid Earth},
  volume={93},
  number={B12},
  pages={14817--14827},
  year={1988},
  publisher={Wiley Online Library}
}
@misc{vis,
    author = "{Wikipedia contributors}",
    title = "Mount Vesuvius --- {Wikipedia}{,} The Free Encyclopedia",
    year = "2019",
    url = "https://en.wikipedia.org/w/index.php?title=Mount_Vesuvius&oldid=914375104",
    note = "[Online; accessed 8-September-2019]"
  }
@Book{oms,
  title = {Global Platform on Air Quality and Health},
  author = {OMS},
  publisher = {http://goo.gl/y0JhjI},
  year = {2019}
}
@article{cook2016consensus,
  title={Consensus on consensus: a synthesis of consensus estimates on human-caused global warming},
  author={Cook, John and Oreskes, Naomi and Doran, Peter T and Anderegg, William RL and Verheggen, Bart and Maibach, Ed W and Carlton, J Stuart and Lewandowsky, Stephan and Skuce, Andrew G and Green, Sarah A and others},
  journal={Environmental Research Letters},
  volume={11},
  number={4},
  pages={048002},
  year={2016},
  publisher={IOP Publishing}
}
@misc{nelson1,
    author = "{Wikipedia contributors}",
    title = "Nelson's Column --- {Wikipedia}{,} The Free Encyclopedia",
    year = "2019",
    howpublished = "\url{https://en.wikipedia.org/w/index.php?title=Nelson%27s_Column&oldid=914602869}",
    note = "[Online; accessed 8-September-2019]"
  }
@misc{nelson2,
    author = "{Wikipedia contributors}",
    title = "Great Smog of London --- {Wikipedia}{,} The Free Encyclopedia",
    year = "2019",
    howpublished = "\url{https://en.wikipedia.org/w/index.php?title=Great_Smog_of_London&oldid=914236507}",
    note = "[Online; accessed 8-September-2019]"
}
@misc{l1952,
    author = "{Wikipedia contributors}",
    title = "Great Smog of London --- {Wikipedia}{,} The Free Encyclopedia",
    year = "2019",
    howpublished = "\url{https://en.wikipedia.org/w/index.php?title=Great_Smog_of_London&oldid=914236507}",
    note = "[Online; accessed 8-September-2019]"
  }
@article{bell2001reassessment,
  title={Reassessment of the lethal London fog of 1952: novel indicators of acute and chronic consequences of acute exposure to air pollution.},
  author={Bell, Michelle L and Davis, Devra Lee},
  journal={Environmental health perspectives},
  volume={109},
  number={suppl 3},
  pages={389--394},
  year={2001}
}
@book{brasseur2017modeling,
  title={Modeling of atmospheric chemistry},
  author={Brasseur, Guy P and Jacob, Daniel J},
  year={2017},
  publisher={Cambridge University Press}
}
@misc{o3,
    author = "{Wikipedia contributors}",
    title = "Ozone --- {Wikipedia}{,} The Free Encyclopedia",
    year = "2019",
    howpublished = "\url{https://en.wikipedia.org/w/index.php?title=Ozone&oldid=914124258}",
    note = "[Online; accessed 8-September-2019]"
  }
@misc{o3wiki,
    author = "{Wikipedia contributors}",
    title = "Tropospheric ozone --- {Wikipedia}{,} The Free Encyclopedia",
    year = "2019",
    howpublished = "\url{https://en.wikipedia.org/w/index.php?title=Tropospheric_ozone&oldid=911584695}",
    note = "[Online; accessed 8-September-2019]"
  }
@book{brasseur1999atmospheric,
  title={Atmospheric chemistry and global change},
  author={Brasseur, Guy and Orlando, John Joseph and Tyndall, Geoffrey Stuart and others},
  year={1999},
  publisher={Oxford University Press}
}
@misc{mpwiki,
    author = "{Wikipedia contributors}",
    title = "Aerosol --- {Wikipedia}{,} The Free Encyclopedia",
    year = "2019",
    howpublished = "\url{https://en.wikipedia.org/w/index.php?title=Aerosol&oldid=914421453}",
    note = "[Online; accessed 9-September-2019]"
  }
@article{schimel1996radiative,
  title={Radiative forcing of climate change},
  author={Schimel, David and Alves, D and Enting, I and Heimann, M and Joos, F and Raynaud, D and Wigley, T and Prather, M and Derwent, R and Ehhalt, D and others},
  journal={Climate change 1995: The science of climate change},
  pages={65--131},
  year={1996},
  publisher={Cambridge Univ. Press New York}
}
@inbook{ipccc, place={Cambridge}, title={Anthropogenic and Natural Radiative Forcing}, DOI={10.1017/CBO9781107415324.018}, booktitle={Climate Change 2013 – The Physical Science Basis: Working Group I Contribution to the Fifth Assessment Report of the Intergovernmental Panel on Climate Change}, publisher={Cambridge University Press}, author={Intergovernmental Panel on Climate Change}, year={2014}, pages={659–740}}

@book{stocker2014climate,
  title={Climate change 2013: the physical science basis: Working Group I contribution to the Fifth assessment report of the Intergovernmental Panel on Climate Change},
  author={Stocker, Thomas},
  year={2014},
  publisher={Cambridge University Press}
}
@article{bond2013bounding,
  title={Bounding the role of black carbon in the climate system: A scientific assessment},
  author={Bond, Tami C and Doherty, Sarah J and Fahey, David W and Forster, Piers M and Berntsen, Terje and DeAngelo, Benjamin J and Flanner, Mark G and Ghan, S and K{\"a}rcher, Bernd and Koch, Dorothy and others},
  journal={Journal of Geophysical Research: Atmospheres},
  volume={118},
  number={11},
  pages={5380--5552},
  year={2013},
  publisher={Wiley Online Library}
}
@article{NtziachristosSamaras2016,
	title={EMEP/EEA emission inventory guidebook; Road Transport: Passenger cars, Light commercial trucks, Heavy-duty vehicles including buses and Motorcycles},
	author={Ntziachristos, L and Samaras, Z},
	journal={European Environment Agency, Copenhagen},
	year={2016}
}
@Article{acp-18-5483-2018,
AUTHOR = {Kaiser, J. and Jacob, D. J. and Zhu, L. and Travis, K. R. and Fisher, J. A. and Gonz\'alez Abad, G. and Zhang, L. and Zhang, X. and Fried, A. and Crounse, J. D. and St. Clair, J. M. and Wisthaler, A.},
TITLE = {High-resolution inversion of OMI formaldehyde columns to quantify isoprene
emission on ecosystem-relevant scales: application to the
southeast US},
JOURNAL = {Atmospheric Chemistry and Physics},
VOLUME = {18},
YEAR = {2018},
NUMBER = {8},
PAGES = {5483--5497},
URL = {https://www.atmos-chem-phys.net/18/5483/2018/},
DOI = {10.5194/acp-18-5483-2018}
}

@Article{gmd,
AUTHOR = {Ibarra-Espinosa, S. and Ynoue, R. and O'Sullivan, S. and Pebesma, E. and Andrade, M. D. F. and Osses, M.},
TITLE = {VEIN v0.2.2: an R package for bottom--up vehicular emissions inventories},
JOURNAL = {Geoscientific Model Development},
VOLUME = {11},
YEAR = {2018},
NUMBER = {6},
PAGES = {2209--2229},
URL = {https://www.geosci-model-dev.net/11/2209/2018/},
DOI = {10.5194/gmd-11-2209-2018}
}

@Article{strokes,
AUTHOR = {Leiva, L. and Santibañez, D. and Ibarra-Espinosa, S. and Matus, P. and Seguel, R.},
TITLE = {A ﬁve-year study of particulate matter (PM2.5) and cerebrovascula diseases},
JOURNAL = {Environmental Pollution},
VOLUME = {181},
YEAR = {2013},
DOI = {http://dx.doi.org/10.1016/j.envpol.2013.05.057}
}

@Book{gam,
    title = {Generalized Additive Models: An Introduction with R},
    year = {2017},
    author = {S.N Wood},
    edition = {2},
    publisher = {Chapman and Hall/CRC},
  }


@Article{rosana,
AUTHOR = {Abrutzky, R. and Ibarra-Espinosa, S. and Matus, P. and Romero-Lankao, P. and Pereyra, V. and Dawidowski, L.},
TITLE = {Atmospheric pollution and mortality. A comparative study between two Latin American cities: Buenos Aires (Argentina) and Santiago (Chile)},
JOURNAL = {Int. J. Environment and Health},
VOLUME = {6},
YEAR = {2013}
}
@article{GASPARRINI2015369,
title = "Mortality risk attributable to high and low ambient temperature: a multicountry observational study",
journal = "The Lancet",
volume = "386",
number = "9991",
pages = "369 - 375",
year = "2015",
issn = "0140-6736",
doi = "https://doi.org/10.1016/S0140-6736(14)62114-0",
url = "http://www.sciencedirect.com/science/article/pii/S0140673614621140",
author = "Antonio Gasparrini and Yuming Guo and Masahiro Hashizume and Eric Lavigne and Antonella Zanobetti and Joel Schwartz and Aurelio Tobias and Shilu Tong and Joacim Rocklöv and Bertil Forsberg and Michela Leone and Manuela De Sario and Michelle L Bell and Yue-Liang Leon Guo and Chang-fu Wu and Haidong Kan and Seung-Muk Yi and Micheline de Sousa Zanotti Stagliorio Coelho and Paulo Hilario Nascimento Saldiva and Yasushi Honda and Ho Kim and Ben Armstrong"
}

