@Manual{R-base,
  title = {R: A Language and Environment for Statistical Computing},
  author = {{R Core Team}},
  organization = {R Foundation for Statistical Computing},
  address = {Vienna, Austria},
  year = {2019},
  url = {https://www.R-project.org/},
}
@Manual{R-cptcity,
  title = {cptcity: 'cpt-city' Colour Gradients},
  author = {Sergio Ibarra-Espinosa},
  year = {2019},
  note = {R package version 1.0.4},
  url = {https://CRAN.R-project.org/package=cptcity},
}
@Manual{R-eixport,
  title = {eixport: Export Emissions to Atmospheric Models},
  author = {Sergio Ibarra-Espinosa and Daniel Schuch},
  year = {2018},
  note = {R package version 0.3.6},
  url = {https://CRAN.R-project.org/package=eixport},
}
@Manual{R-ggplot2,
  title = {ggplot2: Create Elegant Data Visualisations Using the Grammar of Graphics},
  author = {Hadley Wickham and Winston Chang and Lionel Henry and Thomas Lin Pedersen and Kohske Takahashi and Claus Wilke and Kara Woo and Hiroaki Yutani},
  year = {2019},
  note = {R package version 3.2.1},
  url = {https://CRAN.R-project.org/package=ggplot2},
}
@Manual{R-sf,
  title = {sf: Simple Features for R},
  author = {Edzer Pebesma},
  year = {2019},
  note = {https://github.com/r-spatial/sf/, https://r-spatial.github.io/sf/},
}
@Manual{R-vein,
  title = {vein: Vehicular Emissions Inventories},
  author = {Sergio Ibarra-Espinosa},
  year = {2019},
  note = {R package version 0.8.0},
  url = {https://atmoschem.github.io/vein/},
}
